<record><leader>00000cas a2200000 a 4500</leader><controlfield tag="001">22341731</controlfield><controlfield tag="008">900907d18831uuumiuwr ne      0    0eng c</controlfield><datafield ind1=" " ind2=" " tag="010"><subfield code="a">sn 89080003 </subfield></datafield><datafield ind1=" " ind2=" " tag="040"><subfield code="a">NPV</subfield><subfield code="b">eng</subfield><subfield code="c">NPV</subfield><subfield code="d">MHN</subfield><subfield code="d">OCL</subfield><subfield code="d">OCLCQ</subfield><subfield code="d">OCLCF</subfield><subfield code="d">OCLCO</subfield></datafield><datafield ind1="1" ind2=" " tag="029"><subfield code="a">AU@</subfield><subfield code="b">000025883768</subfield></datafield><datafield ind1=" " ind2=" " tag="042"><subfield code="a">pcc</subfield></datafield><datafield ind1=" " ind2=" " tag="043"><subfield code="a">n-us-mi</subfield></datafield><datafield ind1="0" ind2=" " tag="130"><subfield code="a">Statesman (Boyne City, Mich.)</subfield></datafield><datafield ind1="1" ind2="4" tag="245"><subfield code="a">The Statesman.</subfield></datafield><datafield ind1=" " ind2=" " tag="260"><subfield code="a">Boyne City, Mich. :</subfield><subfield code="b">P.A. Radour,</subfield><subfield code="c">1883-</subfield></datafield><datafield ind1=" " ind2=" " tag="300"><subfield code="a">v.</subfield></datafield><datafield ind1=" " ind2=" " tag="310"><subfield code="a">Weekly</subfield></datafield><datafield ind1="0" ind2=" " tag="362"><subfield code="a">Vol. 3, no. 1 (Mar. 9, 1883)-</subfield></datafield><datafield ind1=" " ind2=" " tag="500"><subfield code="a">"This is the old Standard under a new head."</subfield></datafield><datafield ind1=" " ind2=" " tag="515"><subfield code="a">Issue called Jan. 7, 1885 but constitutes vol. 5, no. 4 (Jan. 7, 1886).</subfield></datafield><datafield ind1=" " ind2=" " tag="515"><subfield code="a">Irregular numbering.</subfield></datafield><datafield ind1=" " ind2=" " tag="530"><subfield code="a">Available on microfilm from Clarke Historical Library, Mount Pleasant, Mich.</subfield></datafield><datafield ind1=" " ind2="0" tag="651"><subfield code="a">Boyne City (Mich.)</subfield><subfield code="v">Newspapers.</subfield></datafield><datafield ind1=" " ind2="0" tag="651"><subfield code="a">Charlevoix County (Mich.)</subfield><subfield code="v">Newspapers.</subfield></datafield><datafield ind1=" " ind2="7" tag="655"><subfield code="a">Newspapers.</subfield><subfield code="2">fast</subfield><subfield code="0">(OCoLC)fst01423814</subfield></datafield><datafield ind1=" " ind2="7" tag="651"><subfield code="a">Michigan</subfield><subfield code="z">Boyne City.</subfield><subfield code="2">fast</subfield><subfield code="0">(OCoLC)fst01214905</subfield></datafield><datafield ind1=" " ind2="7" tag="651"><subfield code="a">Michigan</subfield><subfield code="z">Charlevoix County.</subfield><subfield code="2">fast</subfield><subfield code="0">(OCoLC)fst01211332</subfield></datafield><datafield ind1=" " ind2=" " tag="752"><subfield code="a">United States</subfield><subfield code="b">Michigan</subfield><subfield code="c">Charlevoix</subfield><subfield code="d">Boyne City.</subfield></datafield><datafield ind1="0" ind2="0" tag="780"><subfield code="t">Boyne City standard</subfield><subfield code="w">(DLC)sn 89080002</subfield><subfield code="w">(OCoLC)22341743</subfield></datafield><datafield ind1="0" ind2="0" tag="785"><subfield code="t">Boyne citizen</subfield><subfield code="w">(DLC)sn 89080000</subfield><subfield code="w">(OCoLC)22341716</subfield></datafield></record>